
% Refs for Part 1 of the SoP paper


%Newspaper Citations

@article{bhardwajnews,
author = {Bhardwaj, Nidhi},
title = {In Delhi, Making a Mess of Abattoir Modernization},
date = {2009-03-11},
journal = {Livemint},
url = {http://bit.ly/2poXQNw}}

@article{devnani,
author = {Bhanu Pratap Singh},
title = {Make Rajasthan govt schools the best in country in quality education: Education Minister Devnani},
date = {2016-05-17},
organization = {The Times of India},
url = {https://timesofindia.indiatimes.com/city/jaipur/Make-Rajasthan-govt-schools-the-best-in-country-in-quality-education-Education-minister-Devnani/articleshow/52307960.cms}}

@article{pending_ews,
title = {Admit RTE kids, school not a money-making venture: Bombay HC},
date = {2016-12-06},
author = {{The Indian Express}},
organization = {The Indian Express},
url = {https://indianexpress.com/article/education/admit-rte-kids-school-not-a-money-making-venture-bombay-hc-4412651/}}

@article{scerts,
author = {{Ministry of Human Resource and Development}},
title = {Note on Guidelines for SCERTs},
date = {2012-02-15},
url = {http://www.teindia.nic.in/Files/Guidelines_TE_INSTs/MHRD_Guidelines_for_SCERTs-15-02-2011.pdf},
urldate = {2018-01-15}}

@article{scert_structures,
author = {Rahul Mukhopadhyay and N. Ramkumar and A. R. Vasavi},
title = {Management of Elementary Education: Structures and Strategies},
date = {2009-05-12},
url = {http://www.educationforallinindia.com/management-of-elementary-education-in-india.pdf},
publisher = {http://www.educationforallinindia.com/management-of-elementary-education-in-india.pdf},
urldate = {2018-11-15}}



%Online Reports/documents
@online{haryana_structure, 
institution= {Department of School Education Haryana},
author = {{Department of School Education Haryana}},
url = {http://www.schooleducationharyana.gov.in/downloads_pdf/Circullers/admin_setup.pdf},
year = {2016},
urldate= {2018-11-14}}

@online{niti3yearagenda, 
institution= {NITI Aayog},
author = {{NITI Aayog}},
title ={The Three Year Action Agenda: 2017-18 to 2019-20},
url = {http://niti.gov.in/writereaddata/files/coop/India_ActionAgenda.pdf},
location = {New Delhi},
year = {2017},
urldate= {2018-11-14}}


@book{udiseflash15-16, 
institution= {National University of Educational Planning and Administration},
title = {Secondary Education in India: Progress towards Universalisation},
author = {{National University of Educational Planning and Administration}},
publisher = {{National University of Educational Planning and Administration and Department of School Education and Literacy}},
url = {http://udise.in/Downloads/Publications/Documents/Secondary_Flash_Statistics-2015-16.pdf},
year = {2016},
urldate= {2018-11-14}}

@online{aser2016, 
institution= {ASER Centre},
title = {Annual Status of Education Report (Rural) 2016},
author = {{ASER Centre}},
url = {http://img.asercentre.org/docs/Publications/ASER\%20Reports/ASER\%202016/aser_2016.pdf},
year = {2017},
urldate= {2018-11-14}}


@online{aibb2013-14, 
institution= {Accountability Initiative},
title = {Budget Briefs: Sarva Shiksha Abhiyan (SSA), GOI, 2013-14},
author = {{Accountability Initiative}},
url = {http://accountabilityindia.in/sites/default/files/ssa_2013-14.pdf},
date = {2013-03}}

@online{cprbb2017-18, 
institution= {Accountability Initiative},
title = {Budget Briefs: Sarva Shiksha Abhiyan (SSA), GOI, 2017-18},
author = {Avani Kapur and Mridusmita Bordoloi and Yamini Aiyar},
url = {https://www.isid.ac.in/~pu/conference/dec_09_conf/Papers/GeetaKingdon.pdf},
volume={9},
issue={2},
date = {2017-01-25}}

@article{kingdon2010teacher,
  title={Teacher unions, teacher pay and student performance in India: A pupil fixed effects approach},
  author={Kingdon, Geeta and Teal, Francis},
  journal={Journal of Development Economics},
  volume={91},
  number={2},
  pages={278--288},
  year={2010},
  publisher={Elsevier}
}


@book{beteille2009absenteeism,
  title={Absenteeism, transfers and patronage: the political economy of teacher labor markets in India},
  author={Beteille, Tara},
  year={2009},
  publisher={Citeseer}
}

@article{beteille2015fixers,
  title={Fixers in India’s Teacher Labor Markets: Behind the Scenes},
  author={B{\'e}teille, Tara},
  journal={Asian Survey},
  volume={55},
  number={5},
  pages={942--968},
  year={2015},
  publisher={University of California Press Journals}
}

@article{davies2018absence,
  title={Absence: Electoral Cycles and Teacher Absenteeism in India},
  author={Davies, Emmerich},
  url = "http://barrett.dyson.cornell.edu/NEUDC/paper_90.pdf",
  year={2018}
}

@online{aus_governance, 
title = {Education Policy Outlook: Australia},
organization = "OECD",
author = {Beatriz Pont and Diana Toledo Figueroa and Juliana Zapata and Sylvain Fraccolar},
url = {http://www.oecd.org/education/EDUCATION\%20POLICY\%20OUTLOOK\%20AUSTRALIA_EN.pdf},
year = "2013",
month = "June",
urldate = {2018-11-14}}

@online{mex_governance, 
title = {Education Policy Outlook: Mexico},
organization = "OECD",
author = {Paulo Santiago and Manuela Fitzpatrick and Diana Toledo Figueroa and Gillian
Golden and Shiana Crosby},
url = {http://www.oecd.org/education/Education-Policy-Outlook-Country-Profile-Mexico-2018.pdf},
year = "2018",
month = "March",
urldate = {2018-11-14}}


%Websites
@online{esfa,
url = {https://www.gov.uk/government/organisations/education-and-skills-funding-agency},
author = {{Government of UK}},
title={Education and Skills Funding Agency},
urldate= {2018-11-14}}

@online{HEFC,
url = {https://www.gov.uk/government/organisations/higher-education-funding-council-for-england},
author = {{Government of UK}},
title={Higher Education Funding Council for England},
urldate= {2018-11-14}}

@online{offa,
url = {https://www.gov.uk/government/organisations/office-for-fair-access},
author = {{Government of UK}},
title={Office for Fair Access},
urldate= {2018-11-14}}

@online{ofsted,
url = {https://www.gov.uk/government/organisations/ofsted},
author = {{Government of UK}},
title={Ofsted},
urldate= {2018-11-14}}

@online{ofqual,
url = {https://www.gov.uk/government/organisations/ofqual},
author = {{Government of UK}},
title={Ofqual},
urldate= {2018-11-14}}

@online{slc,
url = {https://www.gov.uk/government/organisations/student-loans-company},
author = {{Government of UK}},
title={Student Loans Company},
urldate= {2018-11-14}}

@online{sta,
url = {https://www.gov.uk/government/organisations/standards-and-testing-agency},
author = {{Government of UK}},
title={Standards \& Testing Agency},
urldate= {2018-11-14}}

@online{strb,
url = {www.gov.uk/government/organisations/school-teachers-review-body},
author = {{Government of UK}},
title={School Teachers’ Review Body},
urldate= {2018-11-14}}

@online{nisa,
url = {http://nisaindia.org/data-on-school-closures},
author = {{National Independent School Alliance}},
title={Data on School Closures due to RTE Act},
urldate= {2018-11-14}}


@online{jnk_ssa,
url = {http://ssa.jk.gov.in/contactUs.html},
author = {{Department of School Education}},
title={Sarva Shiksha Abhiyan},
urldate= {2018-11-14}}

@online{nhlpc_chile,
url = {http://www.nlhpc.cl/en/education-quality-assurance-agency/},
author = {{National Laboratory for High Performance Computing}},
title={Education Quality Assurance Agency},
urldate= {2018-11-14}}

@online{chile_ed_policy,
url = {http://www.oecd.org/education/highlightschile.htm},
author = {{OECD}},
title={Education Policy Outlook Snapshot: Chile},
urldate= {2018-11-14}}

@online{del_scert,
url = {http://delhi.gov.in/wps/wcm/connect/doit_scert/Scert+Delhi/Home/About+SCERT/Organisational+Structure},
author = {{Govt. of NCT of Delhi}},
title={State Council of Educational Research and Training},
urldate= {2018-11-14}}

%Published Reports
@report{scert_evidence,
author = {Caroline Dyer},
title = {District Institutes of Education and Training: A Comparative Study in Three Indian States. Researching the Issue},
location={London},
institution = {Department of International Development},
date = {2004}}

@report{pisa2009,
author = {OECD},
title = {PISA 2009 at a Glance},
institution = {OECD Publishing},
date = {2010},
doi = {http://dx.doi.org/10.1787/9789264095298-en}}

@report{exec_rule_making,
institution = {PRS Legislative Research},
author = {Jhalak Kakkar and Pallavi Bedi},
title = {Parliamentary Scrutiny of Executive Rule Making},
date = {2012-11-15},
url = {http://www.prsindia.org/administrator/uploads/general/1370586704_Parliamentary\%20Scrutiny\%20of\%20Executive\%20Rule\%20Making.pdf}}

@report{rte_rule_matrix,
author = {{Centre for Civil Society}},
title = {RTE State Rules Matrix},
year = {2013},
url = {https://ccs.in/sites/all/books/com_books/rte-state-rules-matrix.pdf}}

@report{ssa_guide,
author = {{Department of School Education and Literacy}},
title = {District Manual – Sarva Shiksha Abhiyan (SSA)},
year = {2017},
url = {https://darpg.gov.in/sites/default/files/Sarva\%20Siksha\%20Abhiyan.pdf}}

@report{ssa_css,
institution = {Centre for Budget and Governance Accountability},
author = {Subrat Das and Sona Mitra},
title = {Restructuring Centrally Sponsored Schemes},
date = {2013-02},
url = {http://www.cbgaindia.org/wp-content/uploads/2016/03/CSS-briefing-Paper.pdf}}

@report{guj_scert_annualreport,
author = {{Gujarat Council of Educational Research and Training}},
title = {Annual Report: 2013-14},
url = "https://gcert.gujarat.gov.in/gcert/Portal/News/72_1_Annual_Report_2013-14_new.pdf",
location={Gandhinagar},
institution = {Gujarat Council of Educational Research and Training},
date = {2014}}



% Legislation
@Legislation{dpccconsent,
author = {DPCC},
title = {Consent Policy},
urldate = {2018-07-21},
url = {http://bit.ly/2O1w2N4}}

@Legislation{fssaireg,
author = {FSSAI},
title = {Food Safety and Standards (Licensing and Registration of Food Business), Regulations 2011},
urldate = {2018-07-21},
year = {2011},
url = {http://bit.ly/2MQhZoY}}


%Research Papers
@article{yamini_frontlineofficers,
author = {Aiyar, Yamini and Davis, Vincy and Dongre, Ambrish},
title = {Education Reforms, Bureaucracy and the Puzzles of Implementation:
A case study from Bihar},
journal = {International Growth Centre},
year = {2015},
pages = {693–710},
url = {https://dx.doi.org/10.2139/ssrn.2695991}}



@article{kremer_absence,
author = {Micheal Kremer and Nazmul Chaudhury and F. Hasley Rogers and Karthik Muralidharan and Jeffrey Hammer},
title = {Teacher Absence in India: A Snapshot},
journal = {Journal of the European Economic Association},
volume = {3},
issue = {2-3},
date = {2005-05-01},
pages = {658–667}}


@article{karthik_m_10b,
author = {Muralidharan, Karthik and Jishnu Das and Alaka Holla and Aakash Mohpal},
title = {The fiscal cost of weak governance: Evidence from teacher absence in India},
journal = {Journal of Public Economics},
volume = {145},
year = {2017},
pages = {116-135}}

@article{geeta_private_phenomenon,
author = {Geeta Gandhi Kingdon},
title = {The Private Schooling Phenomenon in India: A Review},
journal = {IZA Institute of Labour Economics},
issue = {IZA DP No. 10612},
date = {2017-03}, 
url={http://ftp.iza.org/dp10612.pdf}}

@unpublished{deo_chart,
author = {{Centre for Development Research and Documentation}},
title = {Time Management of District Education Officers (Primary)},
date = {1998-09}, 
url={http://www.ispepune.org.in/PDF ISSUE/2003/JISPE403/2037DOCU-2.PDF}}

@techreport{NBERw17939,
 title = "School Governance, Teacher Incentives, and Pupil-Teacher Ratios: Experimental Evidence from Kenyan Primary Schools",
 author = "Duflo, Esther and Dupas, Pascaline and Kremer, Michael",
 institution = "National Bureau of Economic Research",
 type = "Working Paper",
 series = "Working Paper Series",
 number = "17939",
 year = "2012",
 month = "March",
 doi = {10.3386/w17939},
 URL = "http://www.nber.org/papers/w17939"}
 
 @techreport{NBERw11753,
 title = "Monitoring Corruption: Evidence from a Field Experiment in Indonesia",
 author = "Olken, Benjamin A",
 institution = "National Bureau of Economic Research",
 type = "Working Paper",
 series = "Working Paper Series",
 number = "11753",
 year = "2005",
 month = "November",
 doi = {10.3386/w11753},
 URL = "http://www.nber.org/papers/w11753"}
 
 @article{das2007teacher,
  title={Teacher shocks and student learning evidence from Zambia},
  author={Das, Jishnu and Dercon, Stefan and Habyarimana, James and Krishnan, Pramila},
  journal={Journal of Human resources},
  volume={42},
  number={4},
  pages={820--862},
  year={2007},
  publisher={University of Wisconsin Press}}
  
  @online{wilmawadhwa,
  title={RTE Norms and Learning Outcomes},
  author={Wilma Wadhwa},
  year={2010},
  publisher={ASER}, 
  year = {2010},
  url={http://img.asercentre.org/docs/Publications/ASER\%20Reports/ASER_2010/Articles/ww2010.pdf}}
  
   @online{inspection_guidelines,
 title = "Good Practices for Regulatory Inspections: Guidelines for Reformers ",
 author = "Scott Jacobs and César Cordova",
 institution = "World Bank",
 year = "2005",
 month = "December",
 URL = "http://www.fao.org/3/a-at377e.pdf"}
 
 @inbook{timestudy_beo,
  title = "Roles and functions of supervisors",
 booktitletitle="Reforming school supervision for quality improvement",
  author = "UNESCO",
   chapter = "2",
 year = "2011",
 publisher = "UNESCO and IIEP",
 url = "http://unesdoc.unesco.org/images/0021/002159/215929E.pdf"} 
 
 @article{chile_funding,
author = {Paulo Santiago and Ariel Fiszbein and Sandra García Jaramillo and Thomas Radinger},
title = {OECD Reviews of School Resources: Chile 2017},
journal = {OECD Publishing},
year = "2017",
location = "Paris",
doi = "http://dx.doi.org/10.1787/9789264285637-en"}

@article{roy_etal,
author = {Shubho Roy and Ajay Shah and B. N. Srikrishna and Somasekhar Sundaresan},
title = {Building State capacity for regulation in India},
journal = {National Institute of Public Finance and Policy},
date = "2018-07-10",
location = "New Delhi",
url = "https://macrofinance.nipfp.org.in/PDF/RSSS_building-state-capacity.pdf"}
 
  
%boooks


@book{uncoupling,
title = {Banishing Bureaucracy: The Five Strategies for Reinventing Government},
author = {David Osborne and Peter Plastrik},
isbn = {9780452279803},
publisher = {Plume; Reprint edition (May 1, 1998)},
year = {1998}}



@book{pe_education,
title = {A political economy of education in India: The case of Uttar Pradesh},
author = {Geeta Gandhi Kingdon and Mohd. Muzammil},
isbn = {978­0­9551123­5­5},
publisher = {Oxford Policy Institute)},
month = "September",
year = {2008}}

